<record><leader>00000cas a2200000 a 4500</leader><controlfield tag="001">10438745</controlfield><controlfield tag="008">840221d18711875ncuwr ne      0    0eng c</controlfield><datafield ind1=" " ind2=" " tag="010"><subfield code="a">sn 84026436 </subfield></datafield><datafield ind1=" " ind2=" " tag="040"><subfield code="a">NPU</subfield><subfield code="b">eng</subfield><subfield code="c">NPU</subfield><subfield code="d">NVJ</subfield><subfield code="d">CUI</subfield><subfield code="d">OCLCQ</subfield><subfield code="d">OCLCF</subfield></datafield><datafield ind1=" " ind2=" " tag="042"><subfield code="a">pcc</subfield></datafield><datafield ind1=" " ind2=" " tag="043"><subfield code="a">n-us-nc</subfield></datafield><datafield ind1=" " ind2="4" tag="050"><subfield code="a">AN</subfield></datafield><datafield ind1="0" ind2=" " tag="130"><subfield code="a">Mountain messenger (Jefferson, N.C.)</subfield></datafield><datafield ind1="1" ind2="0" tag="245"><subfield code="a">Mountain messenger.</subfield></datafield><datafield ind1=" " ind2=" " tag="260"><subfield code="a">Jefferson, N.C. :</subfield><subfield code="b">Robt. M. Dickey</subfield></datafield><datafield ind1=" " ind2=" " tag="300"><subfield code="a">v. ;</subfield><subfield code="c">51 cm.</subfield></datafield><datafield ind1=" " ind2=" " tag="310"><subfield code="a">Weekly</subfield></datafield><datafield ind1="1" ind2=" " tag="362"><subfield code="a">Began in 1871.</subfield><subfield code="z">Cf. Rowell, 1872.</subfield></datafield><datafield ind1="1" ind2=" " tag="362"><subfield code="a">Ceased in Sept. 1875.</subfield></datafield><datafield ind1=" " ind2=" " tag="500"><subfield code="a">"A family paper devoted to politics, agriculture, commerce, literature and general news."</subfield></datafield><datafield ind1=" " ind2=" " tag="588"><subfield code="a">Description based on: Vol. 2, no. 17 (Feb. 6, 1873).</subfield></datafield><datafield ind1=" " ind2="0" tag="651"><subfield code="a">Lenoir (N.C.)</subfield><subfield code="v">Periodicals.</subfield></datafield><datafield ind1=" " ind2="7" tag="655"><subfield code="a">Periodicals.</subfield><subfield code="2">fast</subfield><subfield code="0">(OCoLC)fst01411641</subfield></datafield><datafield ind1=" " ind2="7" tag="651"><subfield code="a">North Carolina</subfield><subfield code="z">Lenoir.</subfield><subfield code="2">fast</subfield><subfield code="0">(OCoLC)fst01215660</subfield></datafield><datafield ind1=" " ind2=" " tag="752"><subfield code="a">United States</subfield><subfield code="b">North Carolina</subfield><subfield code="c">Ashe</subfield><subfield code="d">Jefferson.</subfield></datafield><datafield ind1="0" ind2="0" tag="785"><subfield code="t">Caldwell messenger (Lenoir, N.C.)</subfield><subfield code="w">(DLC)sn 85026801</subfield><subfield code="w">(OCoLC)12600711</subfield></datafield></record>